<?xml version="1.0" encoding="UTF-8"?><record xmlns="http://www.loc.gov/MARC21/slim" xmlns:cinclude="http://apache.org/cocoon/include/1.0" xmlns:zs="http://www.loc.gov/zing/srw/">
  <leader>00684cz  a2200157n  4500</leader>
  <controlfield tag="001">n  82150177 </controlfield>
  <controlfield tag="003">DLC</controlfield>
  <controlfield tag="005">20080625074847.0</controlfield>
  <controlfield tag="008">830202n| acannaab|          |a ana ||| c</controlfield>
  <datafield tag="010" ind1=" " ind2=" ">
    <subfield code="a">n  82150177 </subfield>
  </datafield>
  <datafield tag="035" ind1=" " ind2=" ">
    <subfield code="a">(Uk)000914998</subfield>
  </datafield>
  <datafield tag="040" ind1=" " ind2=" ">
    <subfield code="a">InU</subfield>
    <subfield code="c">DLC</subfield>
    <subfield code="d">Uk</subfield>
  </datafield>
  <datafield tag="110" ind1="2" ind2=" ">
    <subfield code="a">Community Service Council of Metropolitan Indianapolis</subfield>
  </datafield>
  <datafield tag="410" ind1="2" ind2=" ">
    <subfield code="a">CSC (Community Service Council of Metropolitan Indianapolis)</subfield>
  </datafield>
  <datafield tag="410" ind1="2" ind2=" ">
    <subfield code="a">C.S.C. (Community Service Council of Metropolitan Indianapolis)</subfield>
  </datafield>
  <datafield tag="670" ind1=" " ind2=" ">
    <subfield code="a">Community resources handbook</subfield>
    <subfield code="b">(Community Service Council of Metropolitan Indianapolis). Community resources handbook, 1980 (a.e.) t.p. (Community Service Council of Metropolitan Indianapolis, Inc.; CSC)</subfield>
  </datafield>
</record>